<?xml version="1.0" encoding="UTF-8"?><collection xmlns="http://www.loc.gov/MARC21/slim"><record><leader>00382nam--2200121-i-4500</leader><controlfield tag="001">000034332</controlfield><controlfield tag="002">20161230</controlfield><controlfield tag="005">20161230201040</controlfield><controlfield tag="008">060222s1000------------r-----000-0-eng-d</controlfield><datafield ind1=" " ind2=" " tag="080"><subfield code="a">531.7:621</subfield></datafield><datafield ind1=" " ind2=" " tag="245"><subfield code="a">Noi mijloace de masurat in constructii de masini. culegere de lucrari a societatii stiintifice studentesti. trad.din l.rusa</subfield></datafield><datafield ind1=" " ind2=" " tag="260"><subfield code="a">Bucuresti, I.D.T., 1955, 68p</subfield></datafield><datafield ind1=" " ind2=" " tag="852"><subfield code="a">26124</subfield></datafield></record></collection>